@article{yuan1989high,
  title={High-speed CMOS circuit technique},
  author={Yuan, Jiren and Svensson, Christer},
  journal={IEEE Journal of Solid-State Circuits},
  volume={24},
  number={1},
  pages={62--70},
  year={1989},
  publisher={IEEE}
}